% ....nĂˇzov sĂşboru je: literatura.bib v priecinku Moj clanok

% ÄŤlĂˇnok v zbornĂ­ku
@inproceedings{HadiMogavi2022,
	author = {Hadi Mogavi, Reza and Guo, Bingcan and Zhang, Yuanhao and Haq, Ehsan-Ul and Hui, Pan and Ma, Xiaojuan},
	title = {When Gamification Spoils Your Learning: A Qualitative Case Study of Gamification Misuse in a Language-Learning App},
	year = {2022},
	isbn = {9781450391580},
	publisher = {Association for Computing Machinery},
	address = {New York, NY, USA},
	url = {https://doi.org/10.1145/3491140.3528274},
	doi = {10.1145/3491140.3528274},
	booktitle = {Proceedings of the Ninth ACM Conference on Learning @ Scale},
	pages = {175–188},
	numpages = {14},
	keywords = {learning app, gamification, HCI, L@S, misuse, gamified education, qualitative research, duolingo, student-centered education},
	location = {New York City, NY, USA},
	series = {L@S '22}
}


% ÄŤlĂˇnok v zbornĂ­ku
%tento tam nemám použitý
@inproceedings{Games_and_Learning_Alliance,
author="Huynh, Duy and Zuo, Long and Iida, Hiroyuki",
title="Analyzing Gamification of ``Duolingo'' with Focus on Its Course Structure",
booktitle="Games and Learning Alliance",
year="2016",
address="Cham",
}

% zdroj na webe
@misc{Duolingo,
	author = "Wikipedia 2022",
	title = "Duolingo",
	howpublished = "\url{ https://sk.wikipedia.org/wiki/Duolingo}",
}

% zdroj na webe
@misc{Duoplanet,
	author = "Duoplanet",
	title = "The Complete List Of EVERY Duolingo Language",
	year = "Retrieved 3.11.2022",
	howpublished = "\url{https://duoplanet.com/duolingo-languages-list/}",
}

@inproceedings{Definition,
	author = {Deterding, Sebastian and Dixon, Dan and Khaled, Rilla and Nacke, Lennart},
	year = {2011},
	month = {09},
	pages = {9-15},
	title = {From Game Design Elements to Gamefulness: Defining Gamification},
	volume = {11},
	journal = {Proceedings of the 15th International Academic MindTrek Conference: Envisioning Future Media Environments, MindTrek 2011},
	doi = {10.1145/2181037.2181040}
}

@misc{negativegamification,
title   = {The dark side of gamification: an overview of negative effects of gamification in education},
author = {Toda, Armando M. and Valle, Pedro H. D. and Isotani, Seiji},
year = {2018},
doi = {10.1007/978-3-319-97934-2_9},
publisher = {Springer Nature Switzerland AG},
booktitle   = {International Workshop on Social, Semantic, Adaptive and Gamification Techniques and Technologies for Distance Learning - HEFA}
}